@inproceedings{gunda2010nectar,
  title={Nectar: automatic management of data and computation in datacenters},
  author={Gunda, P.K. and Ravindranath, L. and Thekkath, C.A. and Yu, Y. and Zhuang, L.},
  booktitle={Proceedings of OSDI},
  year={2010}
}